@book{syba10,
  editor={Xuemin Shen and Heather Yu and John Buford and Mursalin Akon},
  title={Handbook of Peer-to-Peer Networking},
  publisher={Springer},
  year={2010}
}

@article{ppr83,
 author = {Parker, D. S. and Popek, G. J. and Rudisin, G. and Stoughton, A. and Walker, B. J. and Walton, E. and Chow, J. M. and Edwards, D. and Kiser, S. and Kline, C.},
 title = {Detection of Mutual Inconsistency in Distributed Systems},
 journal = {IEEE Trans. Softw. Eng.},
 issue_date = {May 1983},
 volume = {9},
 number = {3},
 month = may,
 year = {1983},
 issn = {0098-5589},
 pages = {240--247},
 numpages = {8},
 url = {http://dx.doi.org/10.1109/TSE.1983.236733},
 doi = {10.1109/TSE.1983.236733},
 acmid = {1313753},
 publisher = {IEEE Press},
 address = {Piscataway, NJ, USA},
 keywords = {Availability, distributed systems, mutual consistency, network failures, network partitioning, replicated data, replicated data, Availability, distributed systems, mutual consistency, network failures, network partitioning},
}

@inproceedings{abf02,
  author={P. S. Almeida and C. Baquero and V. Fonte},
  booktitle={Distributed Computing Systems, 2002. Proceedings. 22nd International Conference on},
  title={Version stamps-decentralized version vectors},
  year={2002},
  pages={544-551},
  keywords={clocks;mobile computing;decentralized version vectors;mobile environments;optimistic distributed systems;poorly connected environments;update tracking;version stamps;version tracking;Clocks;Counting circuits;Distributed computing;Message passing;Mobile computing;Protocols;Synchronization},
  doi={10.1109/ICDCS.2002.1022304},
  ISSN={1063-6927},
  month={}
}

@inproceedings{abf07,
  author={Almeida, Paulo Sérgio and Baquero, Carlos and Fonte, Victor},
  title={Improving on Version Stamps},
  booktitle={On the Move to Meaningful Internet Systems 2007: OTM 2007 Workshops},
  year={2007},
  volume={4806},
  series={Lecture Notes in Computer Science},
  pages={1025-1031},
  publisher={Springer}
}

@inbook{abf08,
  author={Almeida, Paulo Sérgio and Baquero, Carlos and Fonte, Victor},
  editor={Baker, Theodore P. and Bui, Alain and Tixeuil, Sébastien},
  title={Interval Tree Clocks},
  bookTitle={Principles of Distributed Systems: 12th International Conference, OPODIS 2008, Luxor, Egypt, December 15-18, 2008. Proceedings},
  year={2008},
  publisher={Springer Berlin Heidelberg},
  address={Berlin, Heidelberg},
  pages={259-274},
  isbn={978-3-540-92221-6},
  doi={10.1007/978-3-540-92221-6_18}
}

@software{itclib,
  author={Stephan Heinze},
  title={https://github.com/fgrid/itc},
  url={https://github.com/fgrid/itc},
  date={2014-11-03}
}
